@book{Atzeni_2004_ICF,
	title={The Physics of Inertial Fusion: Beam Plasma Interaction, Hydrodynamics, Hot Dense Matter},
	author={Atzeni, S. and Meyer-Ter-Vehn, J.},
	isbn={9780198562641},
	lccn={2004302067},
	series={International Series of Monographs on Physics},
	url={},
	year={2004},
	publisher={Oxford University Press}
}

@book{Birdsall_2004_PIC,
	title={Plasma Physics Via Computer Simulation},
	author={Birdsall, C.K. and Langdon, A.B.},
	isbn={9780750310253},
	series={Series In Plasma Physics},
	url={},
	year={2004},
	publisher={Taylor \& Francis}
}

@book{Hockney_1988_PIC, 
	title={Computer Simulation Using Particles}, 
	author={Hockney, R.W. and Eastwood, J.W.}, 
	isbn = {9780367806934}, 
	year = {1988}, 
	url = {https://doi.org/10.1201/9780367806934},
	publisher = {CRC Press}
}

@book{Montgomery_1964_Plasma,
	title={Plasma Kinetic Theory},
	author={Montgomery, D.C. and Tidman, D.A.},
	lccn={63023536},
	series={McGraw-Hill advanced physics monograph series},
	url={https://books.google.com/books?id=ltNEAAAAIAAJ},
	year={1964},
	publisher={McGraw-Hill}
}


@book{Han_2011_Data,
	title={Data Mining: Concepts and Techniques},
	author={Han, J. and Kamber, M. and Pei, J.},
	isbn={9780123814807},
	lccn={2011010635},
	series={The Morgan Kaufmann Series in Data Management Systems},
	url={https://books.google.com/books?id=pQws07tdpjoC},
	year={2011},
	publisher={Elsevier Science}
}

@book{Geron_2023_ML, 
	place={Sebastopol, CA}, 
	title={Hands-on machine learning with scikit-learn, Keras, and tensorflow: Concepts, tools, and techniques to build Intelligent Systems},
	 publisher={O’Reilly Media}, 
	 author={Géron, Aurélien}, 
	 year={2023}
}

@book{Chen_2015_Plasma,
	title={Introduction to Plasma Physics and Controlled Fusion},
	author={Chen, F.F.},
	isbn={9783319223094},
	url={https://link.springer.com/book/10.1007/978-3-319-22309-4},
	year={2015},
	edition={3},
	publisher={Springer}
}

@book{Griffiths_2017, 
	place={Cambridge}, 
	edition={4}, 
	title={Introduction to Electrodynamics}, 
	publisher={Cambridge University Press}, 
	author={Griffiths, David J.}, 
	year={2017}
}

@book{Gibbon_2005_Plasma,
	author = {Gibbon, Paul},
	title = {Short Pulse Laser Interactions with Matter},
	publisher = {Imperial College Press},
	year = {2005},
	doi = {10.1142/p116},
	URL = {https://www.worldscientific.com/doi/abs/10.1142/p116}
}

@book{Kruer_2003_Plasma,
	author = {Kruer, William},
	title = {The Physics of Laser Plasma Interactions},
	publisher = {CRC Press},
	year = {2003},
	doi = {10.1201/9781003003243},
	URL={https://www.taylorfrancis.com/books/mono/10.1201/9781003003243/physics-laser-plasma-interactions-william-kruer}
}

@book{Macchi_2013_Plasma,
	author = {Macchi, Andrea},
	title = {A Superintense Laser-Plasma Interaction Theory Primer},
	publisher = {Springer},
	year = {2013},
	doi = {https://doi.org/10.1007/978-94-007-6125-4},
	URL={https://link.springer.com/book/10.1007/978-94-007-6125-4}
}

@book{Zangwill_2012, 
	place={Cambridge}, 
	title={Modern Electrodynamics}, 
	publisher={Cambridge University Press}, 
	author={Zangwill, Andrew}, 
	year={2012}
}
